[gd_scene load_steps=21 format=3 uid="uid://vugn80qbyjuu"]

[ext_resource type="Script" path="res://scripts/player.gd" id="1_flt43"]
[ext_resource type="Texture2D" uid="uid://dy4pa84cmujky" path="res://assets/player/char_2_out_of_breath.png" id="2_wjnn3"]
[ext_resource type="Texture2D" uid="uid://b7ay5307etw00" path="res://assets/player/char_2_walk1.png" id="3_jt6wi"]
[ext_resource type="Texture2D" uid="uid://c2wnum48x81vq" path="res://assets/player/Light.png" id="4_fmjme"]

[sub_resource type="AtlasTexture" id="AtlasTexture_6f82g"]
atlas = ExtResource("2_wjnn3")
region = Rect2(0, 0, 12, 41)

[sub_resource type="AtlasTexture" id="AtlasTexture_afl8c"]
atlas = ExtResource("2_wjnn3")
region = Rect2(12, 0, 12, 41)

[sub_resource type="AtlasTexture" id="AtlasTexture_80mlj"]
atlas = ExtResource("2_wjnn3")
region = Rect2(24, 0, 12, 41)

[sub_resource type="AtlasTexture" id="AtlasTexture_u5220"]
atlas = ExtResource("2_wjnn3")
region = Rect2(36, 0, 12, 41)

[sub_resource type="AtlasTexture" id="AtlasTexture_uptjy"]
atlas = ExtResource("2_wjnn3")
region = Rect2(48, 0, 12, 41)

[sub_resource type="AtlasTexture" id="AtlasTexture_wh56k"]
atlas = ExtResource("2_wjnn3")
region = Rect2(60, 0, 12, 41)

[sub_resource type="AtlasTexture" id="AtlasTexture_jrsuk"]
atlas = ExtResource("3_jt6wi")
region = Rect2(126, 0, 18, 41)

[sub_resource type="AtlasTexture" id="AtlasTexture_kqlec"]
atlas = ExtResource("3_jt6wi")
region = Rect2(0, 0, 18, 41)

[sub_resource type="AtlasTexture" id="AtlasTexture_dqno0"]
atlas = ExtResource("3_jt6wi")
region = Rect2(18, 0, 18, 41)

[sub_resource type="AtlasTexture" id="AtlasTexture_ohw2j"]
atlas = ExtResource("3_jt6wi")
region = Rect2(36, 0, 18, 41)

[sub_resource type="AtlasTexture" id="AtlasTexture_0cv1g"]
atlas = ExtResource("3_jt6wi")
region = Rect2(54, 0, 18, 41)

[sub_resource type="AtlasTexture" id="AtlasTexture_qicn8"]
atlas = ExtResource("3_jt6wi")
region = Rect2(72, 0, 18, 41)

[sub_resource type="AtlasTexture" id="AtlasTexture_ymktv"]
atlas = ExtResource("3_jt6wi")
region = Rect2(90, 0, 18, 41)

[sub_resource type="AtlasTexture" id="AtlasTexture_7lple"]
atlas = ExtResource("3_jt6wi")
region = Rect2(108, 0, 18, 41)

[sub_resource type="SpriteFrames" id="SpriteFrames_06nf4"]
animations = [{
"frames": [{
"duration": 1.0,
"texture": SubResource("AtlasTexture_6f82g")
}, {
"duration": 1.0,
"texture": SubResource("AtlasTexture_afl8c")
}, {
"duration": 1.0,
"texture": SubResource("AtlasTexture_80mlj")
}, {
"duration": 1.0,
"texture": SubResource("AtlasTexture_u5220")
}, {
"duration": 1.0,
"texture": SubResource("AtlasTexture_uptjy")
}, {
"duration": 1.0,
"texture": SubResource("AtlasTexture_wh56k")
}],
"loop": true,
"name": &"char_2_out_of_breath",
"speed": 5.0
}, {
"frames": [{
"duration": 1.0,
"texture": SubResource("AtlasTexture_jrsuk")
}, {
"duration": 1.0,
"texture": SubResource("AtlasTexture_kqlec")
}, {
"duration": 1.0,
"texture": SubResource("AtlasTexture_dqno0")
}, {
"duration": 1.0,
"texture": SubResource("AtlasTexture_ohw2j")
}, {
"duration": 1.0,
"texture": SubResource("AtlasTexture_0cv1g")
}, {
"duration": 1.0,
"texture": SubResource("AtlasTexture_qicn8")
}, {
"duration": 1.0,
"texture": SubResource("AtlasTexture_ymktv")
}, {
"duration": 1.0,
"texture": SubResource("AtlasTexture_7lple")
}],
"loop": true,
"name": &"char_2_walk",
"speed": 5.0
}]

[sub_resource type="CapsuleShape2D" id="CapsuleShape2D_cc7oe"]
radius = 20.0
height = 90.0

[node name="Player" type="CharacterBody2D"]
position = Vector2(19, 6)
script = ExtResource("1_flt43")
metadata/_edit_group_ = true

[node name="AnimatedSprite2D" type="AnimatedSprite2D" parent="."]
light_mask = 2
scale = Vector2(3, 3)
sprite_frames = SubResource("SpriteFrames_06nf4")
animation = &"char_2_out_of_breath"
frame = 3
frame_progress = 0.841591

[node name="CollisionShape2D" type="CollisionShape2D" parent="."]
shape = SubResource("CapsuleShape2D_cc7oe")

[node name="PointLight2D" type="PointLight2D" parent="."]
shadow_enabled = true
texture = ExtResource("4_fmjme")
offset = Vector2(127.779, 0)
texture_scale = 5.35
